@ARTICLE{dorney:canonical,
  author = {Evan O'Dorney},
  title = {Canonical rings of {$\mathbb{Q}$} divisors on $\mathbb{P}^1$},
  journal = {accepted to Annals of Combinatorics},
  owner = {davidzureick-brown},
  timestamp = {2014.07.12}
}

@book {kodaira:complex-manifolds,
    AUTHOR = {Kodaira, Kunihiko},
     TITLE = {Complex manifolds and deformation of complex structures},
    SERIES = {Grundlehren der Mathematischen Wissenschaften [Fundamental
              Principles of Mathematical Sciences]},
    VOLUME = {283},
      NOTE = {Translated from the Japanese by Kazuo Akao,
              With an appendix by Daisuke Fujiwara},
 PUBLISHER = {Springer-Verlag, New York},
      YEAR = {1986},
     PAGES = {x+465},
      ISBN = {0-387-96188-7},
   MRCLASS = {32G05 (32-02)},
  MRNUMBER = {815922 (87d:32040)},
MRREVIEWER = {James A. Carlson},
       DOI = {10.1007/978-1-4613-8590-5},
       URL = {http://dx.doi.org/10.1007/978-1-4613-8590-5},
}