

@article{dorney:canonical,
  title={Canonical rings of {$\mathbb{Q}$} divisors on $\mathbb{P}^1$},
  author={Oâ€™Dorney, Evan},
  journal={Annals of Combinatorics},
  volume={19},
  number={4},
  pages={765--784},
  year={2015},
  publisher={Springer}
}

@ARTICLE{lrz:spin-cring,
    AUTHOR = {Landesman, Aaron and Ruhm, Peter and Zhang, Robin},
     TITLE = {Spin canonical rings of log stacky curves},
   JOURNAL = {Ann. Inst. Fourier (Grenoble)},
  FJOURNAL = {Universit\'e de Grenoble. Annales de l'Institut Fourier},
    VOLUME = {66},
      YEAR = {2016},
    NUMBER = {6},
     PAGES = {2339--2383},
      ISSN = {0373-0956},
   MRCLASS = {14H10 (11F11)},
  MRNUMBER = {3580174},
       URL = {http://aif.cedram.org/item?id=AIF_2016__66_6_2339_0},
}

@ARTICLE{vzb:stacky,
    AUTHOR = {Voight, John and Zureick-Brown, David},
     TITLE = {The canonical ring of a stacky curve},
   JOURNAL = {arXiv:1501.04657},
			YEAR = {2015},
       URL = {http://arxiv.org/abs/1501.04657},
 TIMESTAMP = {2015.06.19}
}

@INCOLLECTION {hassett:classical-and-minimal-models,
    AUTHOR = {Hassett, Brendan},
     TITLE = {Classical and minimal models of the moduli space of curves of
              genus two},
 BOOKTITLE = {Geometric methods in algebra and number theory},
    SERIES = {Progr. Math.},
    VOLUME = {235},
     PAGES = {169--192},
 PUBLISHER = {Birkh\"auser Boston, Boston, MA},
      YEAR = {2005},
   MRCLASS = {14H10 (14D22 14E30)},
  MRNUMBER = {2166084 (2006g:14047)},
MRREVIEWER = {Arvid Siqveland},
       DOI = {10.1007/0-8176-4417-2_8},
       URL = {http://dx.doi.org/10.1007/0-8176-4417-2_8},
}


@article{geer:siegel-modular,
    AUTHOR = {van der Geer, Gerard},
     TITLE = {Siegel modular forms and their applications},
 BOOKTITLE = {The 1-2-3 of modular forms},
    SERIES = {Universitext},
     PAGES = {181--245},
 PUBLISHER = {Springer, Berlin},
      YEAR = {2008},
   MRCLASS = {11F46},
  MRNUMBER = {2409679},
MRREVIEWER = {B. Ramakrishnan},
       DOI = {10.1007/978-3-540-74119-0_3},
       URL = {http://dx.doi.org/10.1007/978-3-540-74119-0_3},
}

@book{bruinier:hilbert-modular,
    AUTHOR = {Bruinier, Jan Hendrik},
     TITLE = {Hilbert modular forms and their applications},
 BOOKTITLE = {The 1-2-3 of modular forms},
    SERIES = {Universitext},
     PAGES = {105--179},
 PUBLISHER = {Springer, Berlin},
      YEAR = {2008},
   MRCLASS = {11F41 (11-02 11F32)},
  MRNUMBER = {2447162},
MRREVIEWER = {Michael M. Schein},
       DOI = {10.1007/978-3-540-74119-0_2},
       URL = {http://dx.doi.org/10.1007/978-3-540-74119-0_2},
}

@BOOK{barthHPV:compactComplexSurfaces,
		 TITLE = {Compact complex surfaces},
 PUBLISHER = {Springer-Verlag},
	    YEAR = {2004},
	  AUTHOR = {Barth, Wolf P. and Hulek, Klaus and Peters, Chris A. M. and Van de
							Ven, Antonius},
		VOLUME = {4},
		 PAGES = {xii+436},
    SERIES = {Ergebnisse der Mathematik und ihrer Grenzgebiete. 3. Folge. A Series
			      	of Modern Surveys in Mathematics},
   ADDRESS = {Berlin},
	 EDITION = {Second edition},
}

@incollection {eisenbud-harris:minimal,
		AUTHOR = {Eisenbud, David and Harris, Joe},
		 TITLE = {On varieties of minimal degree (a centennial account)},
 BOOKTITLE = {Algebraic geometry, {B}owdoin, 1985 ({B}runswick, {M}aine,
	1985)},
		SERIES = {Proc. Sympos. Pure Math.},
		VOLUME = {46},
		 PAGES = {3--13},
 PUBLISHER = {Amer. Math. Soc., Providence, RI},
			YEAR = {1987},
	 MRCLASS = {14J40 (14J26)},
	MRNUMBER = {927946 (89f:14042)},
MRREVIEWER = {Allen B. Altman},
			 DOI = {10.1090/pspum/046.1/927946},
			 URL = {http://dx.doi.org/10.1090/pspum/046.1/927946},
}

@PHDTHESIS{zhao:counting-cubic,
    AUTHOR = {Zhao, Yongqiang},
     TITLE = {On sieve methods for varieties over finite fields},
		SCHOOL = {University of Wisconsin--Madison},
      YEAR = {2013},
     PAGES = {57},
   MRCLASS = {Thesis},
   note = {Available at http://gradworks.umi.com/35/93/3593347.html},
}


