@ARTICLE{dorney:canonical,
    AUTHOR = {O'Dorney, Evan},
     TITLE = {Canonical rings of {$\mathbb{Q}$} divisors on $\mathbb{P}^1$},
   JOURNAL = {Accepted by Annals of Combinatorics},
			YEAR = {2014},
       URL = {http://arxiv.org/abs/1407.4660},
     OWNER = {davidzureick-brown},
 TIMESTAMP = {2015.06.19}
}

@ARTICLE{vzb:stacky,
    AUTHOR = {Voight, John and Zureick-Brown, David},
     TITLE = {The canonical ring of a stacky curve},
   JOURNAL = {arXiv:1501.04657},
			YEAR = {2015},
       URL = {http://arxiv.org/abs/1501.04657},
 TIMESTAMP = {2015.06.19}
}

@BOOK {kodaira:complex-manifolds,
    AUTHOR = {Kodaira, Kunihiko},
     TITLE = {Complex manifolds and deformation of complex structures},
    SERIES = {Grundlehren der Mathematischen Wissenschaften [Fundamental
              Principles of Mathematical Sciences]},
    VOLUME = {283},
      NOTE = {Translated from the Japanese by Kazuo Akao,
              With an appendix by Daisuke Fujiwara},
 PUBLISHER = {Springer-Verlag, New York},
      YEAR = {1986},
     PAGES = {x+465},
      ISBN = {0-387-96188-7},
   MRCLASS = {32G05 (32-02)},
  MRNUMBER = {815922 (87d:32040)},
MRREVIEWER = {James A. Carlson},
       DOI = {10.1007/978-1-4613-8590-5},
       URL = {http://dx.doi.org/10.1007/978-1-4613-8590-5},
}

@PHDTHESIS{neves:halfcan,
    AUTHOR = {Jorge Manuel Sentieiro Neves},
     TITLE = {Halfcanonical rings on algebraic curves and applications to surfaces of general type},
		SCHOOL = {University of Warwick},
      YEAR = {2003},
     PAGES = {155},
   MRCLASS = {Thesis},
       URL = {http://www.mat.uc.pt/~neves/research/Thesis.pdf},
}

@ARTICLE{saint-donat:proj,
		AUTHOR = {Saint-Donat, Bernard},
     TITLE = {Projective models of {$K-3$} surfaces},
   JOURNAL = {Amer. J. Math.},
  FJOURNAL = {American Journal of Mathematics},
    VOLUME = {96},
      YEAR = {1974},
     PAGES = {602--639},
      ISSN = {0002-9327},
   MRCLASS = {14J25},
  MRNUMBER = {0364263 (51 \#518)},
MRREVIEWER = {G. Horrocks},
}

@BOOK{hartshorne:ag,
    AUTHOR = {Hartshorne, Robin},
	   TITLE = {Algebraic geometry},
 PUBLISHER = {Springer-Verlag},
      YEAR = {1977},
     PAGES = {xvi+496},
   ADDRESS = {New York},
      NOTE = {Graduate Texts in Mathematics, No. 52}
}

@BOOK{acgh:algebraic-curves,
    AUTHOR = {Arbarello, Enrico and Cornalba, Maurizio and Griffiths, Phillip A.
		and Harris, Joseph},
     TITLE = {Geometry of algebraic curves. {V}olume {I}},
 PUBLISHER = {Springer},
      YEAR = {1985},
    VOLUME = {267},
     PAGES = {xvi+386},
    SERIES = {Grundlehren der Mathematischen Wissenschaften [Fundamental Principles
	  of Mathematical Sciences]},
   ADDRESS = {Heidelberg}
}

@BOOK{cls:ideals-varieties-algorithms,
    AUTHOR = {Cox, David and Little, John and O'Shea, Donal},
     TITLE = {Ideals, varieties, and algorithms: An introduction to computational
	algebraic geometry and commutative algebra},
 PUBLISHER = {Springer},
      YEAR = {2007},
     PAGES = {xvi+551},
    SERIES = {Undergraduate Texts in Mathematics},
   ADDRESS = {New York},
   EDITION = {Third edition}
}

@BOOK{eisenbud:comm-alg,
    AUTHOR = {Eisenbud, David},
     TITLE = {Commutative algebra with a view toward algebraic geometry},
 PUBLISHER = {Springer-Verlag},
      YEAR = {1995},
    VOLUME = {150},
     PAGES = {xvi+785},
    SERIES = {Graduate Texts in Mathematics},
   ADDRESS = {New York}
}
