@ARTICLE{dorney:canonical,
    AUTHOR = {O'Dorney, Evan},
     TITLE = {Canonical rings of {$\mathbb{Q}$} divisors on $\mathbb{P}^1$},
   JOURNAL = {Accepted by Annals of Combinatorics},
			YEAR = {2014},
       URL = {http://arxiv.org/abs/1407.4660},
     OWNER = {davidzureick-brown},
 TIMESTAMP = {2015.06.19}
}

@ARTICLE{vzb:stacky,
    AUTHOR = {Voight, John and Zureick-Brown, David},
     TITLE = {The canonical ring of a stacky curve},
   JOURNAL = {arXiv:1501.04657},
			YEAR = {2015},
       URL = {http://arxiv.org/abs/1501.04657},
 TIMESTAMP = {2015.06.19}
}

@PHDTHESIS{neves:halfcan,
    AUTHOR = {Jorge Neves},
     TITLE = {Halfcanonical rings on algebraic curves and applications to surfaces of general type},
		SCHOOL = {University of Warwick},
      YEAR = {2003},
     PAGES = {155},
   MRCLASS = {Thesis},
       URL = {http://www.mat.uc.pt/~neves/research/Thesis.pdf},
}

@ARTICLE{saint-donat:proj,
		AUTHOR = {Saint-Donat, Bernard},
     TITLE = {Projective models of {$K-3$} surfaces},
   JOURNAL = {Amer. J. Math.},
  FJOURNAL = {American Journal of Mathematics},
    VOLUME = {96},
      YEAR = {1974},
     PAGES = {602--639},
      ISSN = {0002-9327},
   MRCLASS = {14J25},
  MRNUMBER = {0364263 (51 \#518)},
MRREVIEWER = {G. Horrocks},
}



@INCOLLECTION{milnor:fractional-weight,
    AUTHOR = {Milnor, John},
     TITLE = {On the {$3$}-dimensional {B}rieskorn manifolds {$M(p,q,r)$}},
 BOOKTITLE = {Knots, groups, and 3-manifolds ({P}apers dedicated to the memory
	of {R}. {H}. {F}ox)},
 PUBLISHER = {Princeton Univ. Press, Princeton, N. J.},
      YEAR = {1975},
     PAGES = {175--225. Ann. of Math. Studies, No. 84}
}


@BOOK{cls:ideals-varieties-algorithms,
    AUTHOR = {Cox, David and Little, John and O'Shea, Donald},
     TITLE = {Ideals, varieties, and algorithms: An introduction to computational
	algebraic geometry and commutative algebra},
 PUBLISHER = {Springer},
      YEAR = {2007},
     PAGES = {xvi+551},
    SERIES = {Undergraduate Texts in Mathematics},
   ADDRESS = {New York},
   EDITION = {Third edition}
}

@BOOK{eisenbud:comm-alg,
    AUTHOR = {Eisenbud, David},
     TITLE = {Commutative algebra with a view toward algebraic geometry},
 PUBLISHER = {Springer-Verlag},
      YEAR = {1995},
    VOLUME = {150},
     PAGES = {xvi+785},
    SERIES = {Graduate Texts in Mathematics},
   ADDRESS = {New York}
}

@ARTICLE{abramovich-vistoli:compactifying,
    AUTHOR = {Abramovich, Dan and Vistoli, Angelo},
     TITLE = {Compactifying the space of stable maps},
      YEAR = {2002},
EPRINTTYPE = {arXiv},
   JOURNAL = {J. Amer. Math. Soc.},
  FJOURNAL = {Journal of the American Mathematical Society},
    NUMBER = {1},
    VOLUME = {15},
    EPRINT = {math/9908167},
     PAGES = {27--75},
}

@ARTICLE{behrend-noohi:uniformization,
    AUTHOR = {Behrend, Kai and Noohi, Behrang},
     TITLE = {Uniformization of {D}eligne-{M}umford curves},
      YEAR = {2006},
      ISSN = {0075-4102},
   JOURNAL = {J. Reine Angew. Math.},
	FJOURNAL = {Journal f\"ur die Reine und Angewandte Mathematik},
    VOLUME = {599},
     PAGES = {111--153},
     CODEN = {JRMAA8},
}

@INCOLLECTION {reid:infinitesimal,
    AUTHOR = {Reid, Miles},
     TITLE = {Infinitesimal view of extending a hyperplane
              section---deformation theory and computer algebra},
 BOOKTITLE = {Algebraic geometry ({L}'{A}quila, 1988)},
    SERIES = {Lecture Notes in Math.},
    VOLUME = {1417},
     PAGES = {214--286},
 PUBLISHER = {Springer, Berlin},
      YEAR = {1990},
   MRCLASS = {14D15 (14Q10)},
  MRNUMBER = {1040562 (91h:14018)},
MRREVIEWER = {Ulf Persson},
       DOI = {10.1007/BFb0083344},
       URL = {http://dx.doi.org/10.1007/BFb0083344},
}
