@phdthesis{zhou:orbifold-riemann-roch-and-hilbert-series,
    title    = {Orbifold Riemann-Roch and Hilbert Series},
    school   = {The University of Warwick},
    author   = {Shengtian Zhou},
    year     = {2011},
    URL      = {http://wrap.warwick.ac.uk/49768/1/WRAP_THESIS_Zhou_2011.pdf},
}
@article{buckleyRZ:ice-cream-orbifold-and-riemann-roch,
    AUTHOR = {Buckley, A. and Reid, M. and Zhou, S.},
     TITLE = {Ice cream and orbifold {R}iemann-{R}och},
   JOURNAL = {Izv. Ross. Akad. Nauk Ser. Mat.},
  FJOURNAL = {Rossi\u\i skaya Akademiya Nauk. Izvestiya. Seriya
              Matematicheskaya},
    VOLUME = {77},
      YEAR = {2013},
    NUMBER = {3},
     PAGES = {29--54},
      ISSN = {0373-2436},
   MRCLASS = {14C40 (13D40 14C20)},
  MRNUMBER = {3098786},
MRREVIEWER = {Yuichiro Takeda},
       DOI = {10.4213/im8025},
       URL = {http://dx.doi.org/10.4213/im8025},
}

@incollection{popescuP:the-geometry-of-continued-fractions-and-the-topology-of-surface-singularities,
    AUTHOR = {Popescu-Pampu, Patrick},
     TITLE = {The geometry of continued fractions and the topology of
              surface singularities},
 BOOKTITLE = {Singularities in geometry and topology 2004},
    SERIES = {Adv. Stud. Pure Math.},
    VOLUME = {46},
     PAGES = {119--195},
 PUBLISHER = {Math. Soc. Japan, Tokyo},
      YEAR = {2007},
   MRCLASS = {32S25 (11A55 14B05 32S50 52C05 57N10)},
  MRNUMBER = {2342890 (2008k:32082)},
MRREVIEWER = {Mihai Tib{\u{a}}r},
}

@article{watanabe:demazure-normal-graded,
    AUTHOR = {Watanabe, Keiichi},
     TITLE = {Some remarks concerning {D}emazure's construction of normal
              graded rings},
   JOURNAL = {Nagoya Math. J.},
  FJOURNAL = {Nagoya Mathematical Journal},
    VOLUME = {83},
      YEAR = {1981},
     PAGES = {203--211},
      ISSN = {0027-7630},
     CODEN = {NGMJA2},
   MRCLASS = {13H10 (14B05)},
  MRNUMBER = {632654 (83g:13016)},
MRREVIEWER = {Sarah Glaz},
       URL = {http://projecteuclid.org/euclid.nmj/1118786485},
}
@ARTICLE{dorney:canonical,
    AUTHOR = {O'Dorney, Evan},
     TITLE = {Canonical rings of {$\mathbb{Q}$} divisors on $\mathbb{P}^1$},
   JOURNAL = {Accepted by Annals of Combinatorics},
			YEAR = {2014},
       URL = {http://arxiv.org/abs/1407.4660},
     OWNER = {davidzureick-brown},
 TIMESTAMP = {2015.06.19}
}

@ARTICLE{vzb:stacky,
    AUTHOR = {Voight, John and Zureick-Brown, David},
     TITLE = {The canonical ring of a stacky curve},
   JOURNAL = {arXiv:1501.04657},
			YEAR = {2015},
       URL = {http://arxiv.org/abs/1501.04657},
 TIMESTAMP = {2015.06.19}
}

@ARTICLE {kodaira-spencer:deformations,
    AUTHOR = {Kodaira, Kunihiko and Spencer, Donald C.},
     TITLE = {On deformations of complex analytic structures. {I}, {II}},
   JOURNAL = {Ann. of Math. (2)},
  FJOURNAL = {Annals of Mathematics. Second Series},
    VOLUME = {67},
      YEAR = {1958},
     PAGES = {328--466},
      ISSN = {0003-486X},
   MRCLASS = {57.00},
  MRNUMBER = {0112154 (22 \#3009)},
MRREVIEWER = {M. F. Atiyah},
}

@PHDTHESIS{neves:halfcan,
    AUTHOR = {Jorge Neves},
     TITLE = {Halfcanonical rings on algebraic curves and applications to surfaces of general type},
		SCHOOL = {University of Warwick},
      YEAR = {2003},
     PAGES = {155},
   MRCLASS = {Thesis},
       URL = {http://www.mat.uc.pt/~neves/research/Thesis.pdf},
}

@ARTICLE{saint-donat:proj,
    AUTHOR = {Saint-Donat, B.},
     TITLE = {On {P}etri's analysis of the linear system of quadrics through
              a canonical curve},
   JOURNAL = {Math. Ann.},
  FJOURNAL = {Mathematische Annalen},
    VOLUME = {206},
      YEAR = {1973},
     PAGES = {157--175},
      ISSN = {0025-5831},
   MRCLASS = {14H45 (14J25)},
  MRNUMBER = {0337983 (49 \#2752)},
MRREVIEWER = {H. H. Martens},
}

@BOOK{adler:moduli,
    AUTHOR = {Adler, Allan and Ramanan, S.},
     TITLE = {Moduli of abelian varieties},
 PUBLISHER = {Springer-Verlag, Berlin},
      YEAR = {1996},
    VOLUME = {1644},
     PAGES = {vi+196},
    SERIES = {Lecture Notes in Mathematics}
}

@INCOLLECTION{milnor:fractional-weight,
    AUTHOR = {Milnor, John},
     TITLE = {On the {$3$}-dimensional {B}rieskorn manifolds {$M(p,q,r)$}},
 BOOKTITLE = {Knots, groups, and 3-manifolds ({P}apers dedicated to the memory
	of {R}. {H}. {F}ox)},
 PUBLISHER = {Princeton Univ. Press, Princeton, N. J.},
      YEAR = {1975},
     PAGES = {175--225. Ann. of Math. Studies, No. 84}
}

@BOOK{hartshorne:ag,
    AUTHOR = {Hartshorne, Robin},
	   TITLE = {Algebraic geometry},
 PUBLISHER = {Springer-Verlag},
      YEAR = {1977},
     PAGES = {xvi+496},
   ADDRESS = {New York},
      NOTE = {Graduate Texts in Mathematics, No. 52}
}

@BOOK{acgh:algebraic-curves,
    AUTHOR = {Arbarello, Enrico and Cornalba, Maurizio and Griffiths, Phillip A.
		and Harris, Joseph},
     TITLE = {Geometry of algebraic curves. {V}olume {I}},
 PUBLISHER = {Springer},
      YEAR = {1985},
    VOLUME = {267},
     PAGES = {xvi+386},
    SERIES = {Grundlehren der Mathematischen Wissenschaften [Fundamental Principles
	  of Mathematical Sciences]},
   ADDRESS = {Heidelberg}
}

@BOOK{cls:ideals-varieties-algorithms,
    AUTHOR = {Cox, David and Little, John and O'Shea, Donald},
     TITLE = {Ideals, varieties, and algorithms: An introduction to computational
	algebraic geometry and commutative algebra},
 PUBLISHER = {Springer},
      YEAR = {2007},
     PAGES = {xvi+551},
    SERIES = {Undergraduate Texts in Mathematics},
   ADDRESS = {New York},
   EDITION = {Third edition}
}

@BOOK{eisenbud:comm-alg,
    AUTHOR = {Eisenbud, David},
     TITLE = {Commutative algebra with a view toward algebraic geometry},
 PUBLISHER = {Springer-Verlag},
      YEAR = {1995},
    VOLUME = {150},
     PAGES = {xvi+785},
    SERIES = {Graduate Texts in Mathematics},
   ADDRESS = {New York}
}

@ARTICLE{abramovich-vistoli:compactifying,
    AUTHOR = {Abramovich, Dan and Vistoli, Angelo},
     TITLE = {Compactifying the space of stable maps},
      YEAR = {2002},
EPRINTTYPE = {arXiv},
   JOURNAL = {J. Amer. Math. Soc.},
  FJOURNAL = {Journal of the American Mathematical Society},
    NUMBER = {1},
    VOLUME = {15},
    EPRINT = {math/9908167},
     PAGES = {27--75},
}

@ARTICLE{behrend-noohi:uniformization,
    AUTHOR = {Behrend, Kai and Noohi, Behrang},
     TITLE = {Uniformization of {D}eligne-{M}umford curves},
      YEAR = {2006},
      ISSN = {0075-4102},
   JOURNAL = {J. Reine Angew. Math.},
	FJOURNAL = {Journal f\"ur die Reine und Angewandte Mathematik},
    VOLUME = {599},
     PAGES = {111--153},
     CODEN = {JRMAA8},
}

@INCOLLECTION {reid:infinitesimal,
    AUTHOR = {Reid, Miles},
     TITLE = {Infinitesimal view of extending a hyperplane
              section---deformation theory and computer algebra},
 BOOKTITLE = {Algebraic geometry ({L}'{A}quila, 1988)},
    SERIES = {Lecture Notes in Math.},
    VOLUME = {1417},
     PAGES = {214--286},
 PUBLISHER = {Springer, Berlin},
      YEAR = {1990},
   MRCLASS = {14D15 (14Q10)},
  MRNUMBER = {1040562 (91h:14018)},
MRREVIEWER = {Ulf Persson},
       DOI = {10.1007/BFb0083344},
       URL = {http://dx.doi.org/10.1007/BFb0083344},
}
